@phdthesis{rest,
   author = {Roy Thomas Fielding},
   title = {{REST:} Architectural Styles and the Design of Network-based Software Architectures},
   year = {2000},
   school = {University of California, Irvine},
   url = {http://www.ics.uci.edu/~fielding/pubs/dissertation/top.htm}
}
@misc{webapp,
   author = {Wikipedia},
   title = {{Webapp --- Wikipedia{,} Die freie Enzyklopädie}},
   year = {2012},
   url = {http://de.wikipedia.org/w/index.php?title=Webapp&oldid=102886692},
   note = {[Online; Stand 6. Dezember 2012]}
}
@misc{oauth,
   author = {Ed D. Hardt},
   title = {{The OAuth 2.0 Authorization Framework}},
   year = {2012},
   url = {http://tools.ietf.org/html/rfc6749},
   journal = {Internet RFC 6749, ISSN 2070-1721}, 
   note = {[Online; Stand 6. Dezember 2012]}
}
@misc{crud,
   author = {Wikipedia},
   title = {{CRUD --- Wikipedia{,} Die freie Enzyklopädie}},
   year = {2012},
   url = {http://de.wikipedia.org/w/index.php?title=CRUD&oldid=103876970},
   note = {[Online; Stand 11. Dezember 2012]}
}
@misc{json,
   author = {Douglas Crockford},
   title = {{The application/json Media Type for JavaScript Object Notation (JSON)}},
   year = {2006},
   url = {http://tools.ietf.org/html/rfc4627},
   journal = {Internet RFC 4627, ISSN 2070-1721}, 
   note = {[Online; Stand 12. Dezember 2012]}
}
@misc{xml,
   author = {Wikipedia},
   title = {{Extensible Markup Language --- Wikipedia{,} Die freie Enzyklopädie}},
   year = {2012},
   url = {http://de.wikipedia.org/w/index.php?title=Extensible_Markup_Language&oldid=111516810},
   note = {[Online; Stand 20. Dezember 2012]}
}
@misc{cloud,
   author = {Wikipedia},
   title = {{Cloud-Computing --- Wikipedia, Die freie Enzyklopädie}},
   year = {2012},
   url = {http://de.wikipedia.org/w/index.php?title=Cloud-Computing&oldid=103606763},
   note = {[Online; Stand 10. Dezember 2012]}
}
@misc{sop,
   author = {Wikipedia},
   title = {{Same-Origin-Policy --- Wikipedia, Die freie Enzyklopädie}},
   year = {2012},
   url = {http://de.wikipedia.org/w/index.php?title=Same-Origin-Policy&oldid=96343774},
   note = {[Online; Stand 6. Dezember 2012]}
}
@misc{cont-integration,
   author = {Martin Fowler},
   title = {{Continuous Integration}},
   year = {2006},
   url = {http://www.martinfowler.com/articles/continuousIntegration.html},
   note = {[Online; Stand 9. Dezember 2012]}
}
@misc{bootstrapping,
   author = {Wikipedia},
   title = {{Bootstrapping (Informatik) --- Wikipedia, Die freie Enzyklopädie}},
   year = {2012},
   url = {http://de.wikipedia.org/w/index.php?title=Bootstrapping_(Informatik)&oldid=102848493},
   note = {[Online; Stand 6. Dezember 2012]}
}
@misc{camera-api,
   author = {World Wide Web Consortium (W3C)},
   title = {{Camera API Specification}},
   year = {2009},
   url = {http://lists.w3.org/Archives/Public/public-device-apis/2009Apr/att-0001/camera.html},
   note = {[Online; Stand 10. Dezember 2012]}
}
@book{patterns,
   author = {{Erich Gamma, Richard Helm, Ralph Johnson, and John Vlissides (the Gang Of Four)}},
   title = {{Design Patterns: Elements of Reusable Object-Oriented Software}},
   publisher = {AddisonWesley Professional},
   year = {1994}
}
@book{for-the-win,
    author = {{Kevin Werbach, Dan Hunter}},
    title = {{For the Win: How Game Thinking Can Revolutionize Your Business}},
    year = {{2012}},
    publisher = {Wharton Digital Press}
}
@misc{crowdsourcing,
   author = {Wikipedia},
   title = {{Crowdsourcing --- Wikipedia, Die freie Enzyklopädie}},
   year = {2012},
   url = {http://de.wikipedia.org/w/index.php?title=Crowdsourcing&oldid=111553592},
   note = {[Online; Stand 19. Dezember 2012]}
}
@misc{marshalling,
   author = {Wikipedia},
   title = {{Marshalling --- Wikipedia, Die freie Enzyklopädie}},
   year = {2012},
   url = {http://de.wikipedia.org/w/index.php?title=Marshalling&oldid=102490056},
   note = {[Online; Stand 19. Dezember 2012]}
}